<record><leader>00000cas a2200000 a 4500</leader><controlfield tag="001">9614850</controlfield><controlfield tag="008">830616d19501970gu dr ne      0   a0eng c</controlfield><datafield ind1=" " ind2=" " tag="010"><subfield code="a">sn 87062204 </subfield></datafield><datafield ind1=" " ind2=" " tag="040"><subfield code="a">HUH</subfield><subfield code="b">eng</subfield><subfield code="c">HUH</subfield><subfield code="d">DLC</subfield><subfield code="d">MGN</subfield><subfield code="d">OCL</subfield><subfield code="d">NVF</subfield><subfield code="d">CLU</subfield><subfield code="d">DLC</subfield><subfield code="d">OCLCQ</subfield><subfield code="d">OCLCF</subfield><subfield code="d">OCLCO</subfield></datafield><datafield ind1="1" ind2=" " tag="029"><subfield code="a">AU@</subfield><subfield code="b">000020477477</subfield></datafield><datafield ind1=" " ind2=" " tag="042"><subfield code="a">pcc</subfield></datafield><datafield ind1=" " ind2=" " tag="043"><subfield code="a">pogu---</subfield></datafield><datafield ind1="0" ind2="0" tag="050"><subfield code="a">Newspaper</subfield></datafield><datafield ind1="0" ind2="0" tag="245"><subfield code="a">Guam daily news.</subfield></datafield><datafield ind1="1" ind2="3" tag="246"><subfield code="a">Daily news</subfield><subfield code="f">1950-Dec. 1955</subfield></datafield><datafield ind1="1" ind2=" " tag="246"><subfield code="i">Published on Sundays Oct. 25, 1964-1970 as:</subfield><subfield code="a">Territorial sun news and views of the Marianas</subfield></datafield><datafield ind1=" " ind2=" " tag="260"><subfield code="a">Agana Heights, Guam :</subfield><subfield code="b">J. Flores,</subfield><subfield code="c">1950-1970.</subfield></datafield><datafield ind1=" " ind2=" " tag="300"><subfield code="a">v.</subfield></datafield><datafield ind1=" " ind2=" " tag="310"><subfield code="a">Daily,</subfield><subfield code="b">Oct. 25, 1964-1970</subfield></datafield><datafield ind1=" " ind2=" " tag="321"><subfield code="a">Daily (except Sunday),</subfield><subfield code="b">1950-Oct. 24, 1964</subfield></datafield><datafield ind1="0" ind2=" " tag="362"><subfield code="a">Vol. 6, no. 137 (June 16, 1950)-v. 25, no. 32 (Feb. 1, 1970).</subfield></datafield><datafield ind1=" " ind2=" " tag="500"><subfield code="a">The word "Guam" appears over the ornament.</subfield></datafield><datafield ind1=" " ind2=" " tag="500"><subfield code="a">Also published in Agana, Guam &lt;July 21, 1953-&gt;.</subfield></datafield><datafield ind1=" " ind2=" " tag="530"><subfield code="a">Also issued on microfilm from Library of Congress, Photoduplication Service.</subfield></datafield><datafield ind1=" " ind2="0" tag="651"><subfield code="a">Guam</subfield><subfield code="v">Newspapers.</subfield></datafield><datafield ind1=" " ind2="0" tag="651"><subfield code="a">Haga&#778;tn&#771;a (Guam)</subfield><subfield code="v">Newspapers.</subfield></datafield><datafield ind1=" " ind2="7" tag="655"><subfield code="a">Newspapers.</subfield><subfield code="2">fast</subfield><subfield code="0">(OCoLC)fst01423814</subfield></datafield><datafield ind1=" " ind2="7" tag="651"><subfield code="a">Guam.</subfield><subfield code="2">fast</subfield><subfield code="0">(OCoLC)fst01202671</subfield></datafield><datafield ind1=" " ind2="7" tag="651"><subfield code="a">Guam</subfield><subfield code="z">Haga&#778;tn&#771;a.</subfield><subfield code="2">fast</subfield><subfield code="0">(OCoLC)fst01216640</subfield></datafield><datafield ind1=" " ind2=" " tag="752"><subfield code="a">United States</subfield><subfield code="b">Mariana Islands</subfield><subfield code="c">Guam</subfield><subfield code="d">Agana.</subfield></datafield><datafield ind1=" " ind2=" " tag="752"><subfield code="a">United States</subfield><subfield code="b">Mariana Islands</subfield><subfield code="c">Guam</subfield><subfield code="d">Agana Heights.</subfield></datafield><datafield ind1="0" ind2="0" tag="780"><subfield code="t">Guam news</subfield><subfield code="w">(DLC)sn2002061148</subfield><subfield code="w">(OCoLC)9614746</subfield></datafield><datafield ind1="0" ind2="5" tag="780"><subfield code="t">Territorial sun news and views of the Marianas</subfield><subfield code="w">(DLC)sn 87062205</subfield><subfield code="w">(OCoLC)15744117</subfield></datafield><datafield ind1="0" ind2="0" tag="785"><subfield code="t">Pacific daily news</subfield><subfield code="w">(DLC)sn 79018613</subfield><subfield code="w">(OCoLC)5785524</subfield></datafield></record>